<?xml version="1.0" encoding="UTF-8"?><collection xmlns="http://www.loc.gov/MARC21/slim"><record><leader>00420nam--2200145-i-4500</leader><controlfield tag="001">000021324</controlfield><controlfield tag="002">20161230</controlfield><controlfield tag="005">20161230201034</controlfield><controlfield tag="008">060222s1000------------r-----000-0-eng-d</controlfield><datafield ind1=" " ind2=" " tag="100"><subfield code="a">Hoh, Hans</subfield></datafield><datafield ind1=" " ind2=" " tag="245"><subfield code="a">Chemische analysen mit dem polarographen</subfield></datafield><datafield ind1=" " ind2=" " tag="260"><subfield code="a">Berlin, Iulius Springer, 1937, Vii + 102p. + 3.F.Pl</subfield></datafield><datafield ind1=" " ind2=" " tag="490"><subfield code="a">Anleitungen Fur Die Chemische Laboratoriums Praxis.Band Iii</subfield></datafield><datafield ind1=" " ind2=" " tag="700"><subfield code="a">Zintl E</subfield></datafield><datafield ind1=" " ind2=" " tag="852"><subfield code="a">788</subfield></datafield></record></collection>